<?xml version="1.0" encoding="UTF-8"?>
<record xmlns="http://www.loc.gov/MARC21/slim">
   <leader>01804cam a2200445   4500</leader>
   <controlfield tag="001">5118030</controlfield>
   <controlfield tag="005">20080525004800.0</controlfield>
   <controlfield tag="008">901101s1990                      0 eng  </controlfield>
   <datafield tag="035" ind1=" " ind2=" ">
      <subfield code="a">ocm70490137</subfield>
   </datafield>
   <datafield tag="090" ind1=" " ind2=" ">
      <subfield code="a">LB2395 .S85</subfield>
      <subfield code="b">AEGMCT</subfield>
   </datafield>
   <datafield tag="100" ind1="1" ind2=" ">
      <subfield code="a">Swift-Hill, Robert,</subfield>
      <subfield code="d">1957-</subfield>
   </datafield>
   <datafield tag="240" ind1="0" ind2="0">
      <subfield code="a">The survivor's guide to learning/ [videorecording] /host, Barry Mickelson ; writer, Bob Swift-Hill ; director, Bruce MacAllister ; producer, Pauline Urquhart.</subfield>
   </datafield>
   <datafield tag="245" ind1="1" ind2="4">
      <subfield code="a">The survivor's guide to learning [videorecording] 1990</subfield>
      <subfield code="h">[videorecording] /</subfield>
      <subfield code="c">host, Barry Mickelson ; writer, Bob Swift-Hill ; director, Bruce MacAllister ; producer, Pauline Urquhart.</subfield>
   </datafield>
   <datafield tag="260" ind1=" " ind2=" ">
      <subfield code="a">Calgary, AB :</subfield>
      <subfield code="b">ACCESS,</subfield>
      <subfield code="c">c1990.</subfield>
   </datafield>
   <datafield tag="300" ind1=" " ind2=" ">
      <subfield code="a">1 videocassette (ca. 74 min.) :</subfield>
      <subfield code="b">sd., col. ; 1/2 in.</subfield>
      <subfield code="e">5 study guides.</subfield>
   </datafield>
   <datafield tag="336" ind1=" " ind2=" ">
      <subfield code="a">text</subfield>
      <subfield code="b">txt</subfield>
      <subfield code="2">rdacontent</subfield>
   </datafield>
   <datafield tag="337" ind1=" " ind2=" ">
      <subfield code="a">unmediated</subfield>
      <subfield code="b">n</subfield>
      <subfield code="2">rdamedia</subfield>
   </datafield>
   <datafield tag="338" ind1=" " ind2=" ">
      <subfield code="a">volume</subfield>
      <subfield code="b">nc</subfield>
      <subfield code="2">rdacarrier</subfield>
   </datafield>
   <datafield tag="490" ind1="1" ind2=" ">
      <subfield code="a">ACCESS</subfield>
   </datafield>
   <datafield tag="505" ind1="0" ind2=" ">
      <subfield code="a">Part 1 The power of questioning (14:30 min.). -- part 2 Time management (14:30 min.). -- part 3 Reading, note-taking and recall (14:30 min.). -- part 4 Concentration (14:30 min.). -- part 5 Exam preparation (14:30 min.).</subfield>
   </datafield>
   <datafield tag="596" ind1=" " ind2=" ">
      <subfield code="a">29</subfield>
   </datafield>
   <datafield tag="650" ind1=" " ind2="0">
      <subfield code="a">Learning.</subfield>
   </datafield>
   <datafield tag="650" ind1=" " ind2="0">
      <subfield code="a">Questioning.</subfield>
   </datafield>
   <datafield tag="650" ind1=" " ind2="0">
      <subfield code="a">Time management.</subfield>
   </datafield>
   <datafield tag="650" ind1=" " ind2="0">
      <subfield code="a">Students</subfield>
      <subfield code="x">Time management.</subfield>
   </datafield>
   <datafield tag="650" ind1=" " ind2="0">
      <subfield code="a">Study skills.</subfield>
   </datafield>
   <datafield tag="650" ind1=" " ind2="0">
      <subfield code="a">Examinations</subfield>
      <subfield code="v">Study guides.</subfield>
   </datafield>
   <datafield tag="650" ind1=" " ind2="0">
      <subfield code="a">Note-taking.</subfield>
   </datafield>
   <datafield tag="650" ind1=" " ind2="0">
      <subfield code="a">Reading (Higher education)</subfield>
   </datafield>
   <datafield tag="650" ind1=" " ind2="0">
      <subfield code="a">Attention.</subfield>
   </datafield>
   <datafield tag="710" ind1="2" ind2=" ">
      <subfield code="a">Alberta Educational Communications Corporation.</subfield>
   </datafield>
   <datafield tag="740" ind1="0" ind2=" ">
      <subfield code="a">Power of questioning.</subfield>
   </datafield>
   <datafield tag="740" ind1="0" ind2=" ">
      <subfield code="a">Time management.</subfield>
   </datafield>
   <datafield tag="740" ind1="0" ind2=" ">
      <subfield code="a">Reading, note-taking and recall.</subfield>
   </datafield>
   <datafield tag="740" ind1="0" ind2=" ">
      <subfield code="a">Concentration.</subfield>
   </datafield>
   <datafield tag="740" ind1="0" ind2=" ">
      <subfield code="a">Exam preparation.</subfield>
   </datafield>
   <datafield tag="830" ind1=" " ind2="0">
      <subfield code="a">Accessguides.</subfield>
   </datafield>
   <datafield tag="948" ind1=" " ind2=" ">
      <subfield code="a">05/30/1995</subfield>
      <subfield code="b">05/25/2008</subfield>
      <subfield code="z">Sirsi</subfield>
   </datafield>
   <datafield tag="926" ind1=" " ind2=" ">
      <subfield code="a">GR_MACEWAN</subfield>
      <subfield code="b">ON_SHELF</subfield>
      <subfield code="c">LB2395 .S85 pt. 1 study guide</subfield>
      <subfield code="d">VIDEO</subfield>
      <subfield code="f">1</subfield>
   </datafield>
   <datafield tag="926" ind1=" " ind2=" ">
      <subfield code="a">GR_MACEWAN</subfield>
      <subfield code="b">ON_SHELF</subfield>
      <subfield code="c">LB2395 .S85 pt. 2 study guide</subfield>
      <subfield code="d">VIDEO</subfield>
      <subfield code="f">1</subfield>
   </datafield>
   <datafield tag="926" ind1=" " ind2=" ">
      <subfield code="a">GR_MACEWAN</subfield>
      <subfield code="b">ON_SHELF</subfield>
      <subfield code="c">LB2395 .S85 pt. 4 study guide</subfield>
      <subfield code="d">VIDEO</subfield>
      <subfield code="f">1</subfield>
   </datafield>
</record>
